% Encoding: utf8

@INPROCEEDINGS{champa_anandakumar_general,
 author = {H. N. Champa and  K. R. AnandaKumar},
 title = {Automated Human Behavior Prediction Through Handwriting Analysis},
 booktitle = {Proceedings of the 2010 First International Conference on Integrated Intelligent Computing},
 series = {ICIIC '10},
 year = {2010},
 isbn = {978-0-7695-4152-5},
 pages = {160--165},
 numpages = {6},
 doi = {10.1109/ICIIC.2010.29},
 acmid = {1906424},
 publisher = {IEEE Computer Society},
 address = {Washington, DC, USA},
}

@MASTERSTHESIS{rothacker_bag_of_features,
  author  = {Leonard Rothacker},
  title   = {Learning bag-of-features representations for handwriting recognition},
  school = {Department of computer science Technische Universität Dortmund},
  year    = 2011,
  month = {November}
}

@MASTERSTHESIS{gurrala,
  author  = {Kiran Kumar Gurrala},
  title   = {Online signature verification techniques},
  school = {Department of Electronics and Communication Engineering National Institute Of Technology Rourkela},
  year    = 2011,
  month = {November}
}

@PHDTHESIS{koliadin,
  author       = {Д. В. Колядин}, 
  title        = {Исследование почерка на основе анализа динамических кривых},
  school       = {МФТИ},
  year         = 2005,
  month        = 10,
  language = {russian}
}

% Books
@BOOK{kamillo_grafology,
  author = {К. Бальдо},
  title = {Как узнать природу и качества человека, взглянув на букву, которую он написал},
  pages = {200},
  year = {1622},
  language = {russian}
}

@BOOK{mishon_grafology,
  author = {Ф. Мишон},
  title = {Систeмa графологии},
  pages = {300},
  year = {1872},
  language = {russian}
}

@BOOK{mcconnell_2005,
  title = {Совершенный код. Мастер"=класс / Пер. с англ.},
  publisher = {Издательско"=торговый дом <<Русская редакция>>},
  year = {2005},
  author = {С. Макконнелл},
  pages = {896},
  address = {СПб.},
  language = {russian}
}

@BOOK{horsman_scala,
  author = {Кей С. Хорстманн},
  title = {Функциональное программирование. SCALA для нетерпеливых},
  publisher = {ДМК-Пресс},
  isbn = {978-5-94074-920-2},
  year = {2013},
  pages = {408},
  language = {russian}
}

@BOOK{mitchell_ml,
  author = {T. Mitchell},
  title = {Machine Learning},
  publisher = {McGraw-Hill},
  year = 1997,
  pages = 432
}

@BOOK{bioauth_dinamic_moves,
  author = {А. И. Иванов},
  title = {Биометрическая идентификация личности по динамике подсознательных движений},
  publisher = {Пенза: ПГУ},
  year = 2000,
  pages = 188,
  language = {russian}
}

@BOOK{gonsales_wygs,
  author = {Р. Гонсалес and Р. Вудс},
  title = {Цифровая обработка изображений},
  publisher = {Техносфера},
  year = 2005,
  pages = 1072,
  language = {russian}
}

@BOOK{manning_ir,
  title={Introduction to Information Retrieval},
  author={C. Manning and P. Raghavan and H. Sch{\"u}tze},
  year={2008},
  publisher={Cambridge University Press}
}

@BOOK{larner,
  author  = {A.J. Larner},
  title   = {A Dictionary of Neurological Signs},
  year    = 2010,
  publisher = {Springer},
  month = {November},
  isbn = {978-1-4419-7095-4}
}

@BOOK{metman_kompoliti,
  author  = {L. Verhagen Metman and K. Kompoliti},
  title   = {Encyclopedia of Movement Disorders},
  year    = 2010,
  publisher = {Academic Press},
  month = {February},
  isbn = {978-0-12-374105-9}
}

@BOOK{orr,
  author  = {Mark J. L. Orr},
  title   = {Introduction to Radial Basis Function Networks},
  publisher = {University of Edinburgh},
  year    = 1996,
  pages   = 67
}

% Articles

@ARTICLE{king_koehler_psevdograph,
  author  = {R. N. King and D. J. Koehler},
  title   = {Illusory Correlations in Graphological Inference},
  journal = {Journal of Experimental Psychology},
  year    = 2000,
  number  = 6,
  pages   = {336–348}
}

@ARTICLE{neter_shakhar_psevdograph,
  author  = {E. Neter and G. Ben-Shakhar},
  title   = {The predictive validity of graphological influences: A meta-analytic approach},
  journal = {Personality and Individual Differences},
  year    = 1989,
  number  = 10,
  pages   = {737–745}
}

@ARTICLE{hewitt_bishop_steiger_actor_model,
  author  = {C. Hewitt and P. Bishop and R. Steiger},
  title   = {A Universal Modular Actor Formalism For Artificial Intelligent},
  journal = {IJCAI},
  year    = 1973,
  pages   = {235-245}
}

@ARTICLE{grewal_prashar,
  author  = {Parmeet K. Grewal and Deepak Prashar},
  title   = {Behavior Prediction Through Handwriting Analysis},
  journal = {IJCST},
  year    = 2012,
  number  = 3,
  pages   = {520-523}
}

@ARTICLE{champa_ananda_kumar_ann,
  author  = {H. N. Champa and  K. R. AnandaKumar},
  title   = {Artificial Neural Network for Human Behavior Prediction through Handwriting Analysis},
  journal = {International Journal of Computer Applications},
  year    = 2010,
  number  = 2,
  pages   = {36-41}
}

@ARTICLE{gabrani_solomon_dviwe,
  author  = {Goldie Gabrani and Andrew Solomon and Utkarsh Dviwe},
  title   = {Handwritten Statement Analysis Using Neural Networks},
  journal = {AAICSP},
  year    = 2010,
  number  = 10,
  pages   = {56-59}
}

@ARTICLE{pfalz_rosenfeld,
  author  = {J. L. Pfalz and A. Rosenfeld},
  title   = {Computer Representation of Planar Regions by their Skeletons},
  journal = {Communications of the Association for Compiting Machinery},
  year    = 1967,
  number  = 2,
  volume  = 10,
  pages   = {119-125}
}

@ARTICLE{prasad_singh_sapre,
  author  = {Shitala Prasad and Vivek Kumar Singh and Akshay Sapre},
  title   = {Handwriting Analysis based on Segmentation Method for Prediction of Human Personality using Support Vector Machine},
  journal = {International Journal of Computer Applications},
  year    = 2010,
  number  = 8,
  pages   = {25-29}
}

@ARTICLE{louloudis_gatos_pratikakis_halatsis,
  author  = {G. Louloudis and B.Gatos and I. Pratikakis and C. Halatsis},
  title   = {Text line and word segmentation of handwritten documents},
  journal = {Pattern Recognition},
  year    = 2009,
  number  = 42,
  pages   = {3169-3183}
}

@ARTICLE{gomathi_umadevi_mohanavel,
  author  = {Gomathi Rohini and R. Umadevi and S. Mohanavel},
  title   = {Statistical Approach for Segmenting Unconstrained Handwritten Text lines},
  journal = {International Journal of Computer Applications},
  year    = 2013,
  number  = 8,
  pages   = {21-24}
}

@ARTICLE{puri_lakhwani,
  author  = {Aman Puri and Kamlesh Lakhwani},
  title   = {Enhanced Approach For Handwritten Text Recognition Using Neural Network},
  journal = {International Journal of Communication and Computer Technologies},
  year    = 2013,
  number  = 1,
  pages   = {203-206}
}

@ARTICLE{champa_ananda_kumar_rule_base,
  author  = {H. N. Champa and  K. R. AnandaKumar},
  title   = {Rule-based Approach for Personality Prediction Through Handwriting Analysis},
  journal = {International Journal of Computational Intelligence and Healthcare Informatics},
  year    = 2011,
  number  = 4,
  pages   = {27-29}
}

@ARTICLE{dang_kumar,
  author  = {Sandeep Dang and Mahesh Kumar},
  title   = {Handwriting Analysis of Human Behaviour Based on Neural Network},
  journal = {International Journal of Advanced Research in Computer Science and Software Engineering},
  year    = 2014,
  number  = 4,
  pages   = {227-232}
}

@ARTICLE{hahgai_yamanaka_hamamoto,
  author  = {S. Hahgai and S. Yamanaka and T. Hamamoto},
  title   = {Writer Verification using Altitude and Direction of Pen Movement},
  journal = {International Conference on Pattern Recognition},
  year    = 2000,
  number  = 3,
  pages   = {479482}
}

@ARTICLE{hao_chan,
  author  = {F. Hao and C. W. Chan},
  title   = {Online Signature Verification Using a New Extreme Points Warping Technique},
  journal = {Pattern Recognition Letters},
  year    = 2003,
  number  = 16,
  volume  = 24,
  pages   = {2943-2951}
}

@ARTICLE{hastie_kishon,
  author  = {Т. Hastie and E. Kishon},
  title   = {A Model for Signature Verification},
  journal = {IEEE International Conference on Decision Aiding for Complex Systems},
  year    = 1991,
  pages   = {191-196}
}

@ARTICLE{kathait_singh,
  author  = {Ashish Kathait and Ajit Singh},
  title   = {Automated Prediction of Human Behavior System for Career Counselling of an Individual through Handwriting Analysis/Graphology},
  journal = {Open International Journal of Technology Innovations and Research},
  year    = 2014,
  number  = 12,
  pages   = {201-225}
}

@ARTICLE{lorette_plamondon,
  author = {G. Lorette and R. Plamondon},
  title  = {Dynamic approaches to handwritten signature verification},
  journal = {Computer Processing of Handwriting, Singapore World Scientific},
  year    = 1990,
  pages   = {21–47}
}

@ARTICLE{zhu_yang_zhu,
  author = {Shijiao Zhu and Jun Yang and Xue-fang Zhu},
  title  = {A Thinning Model for Handwriting-Like Image Skeleton},
  journal = {Computer Engineering and Networking},
  year    = 2013,
  volume = 1,
  pages   = {687-693}
}

@ARTICLE{wang_li_huang_feng,
  author = {W. Wang and J. Li and F. Huang and H. Feng},
  title  = {Design and Implementation of Log-Gabor Filter in Fingerprint Image Enhancement},
  journal = {Pattern Recognition Letters},
  year    = 2017,
  volume = 29,
  number = 3,
  pages   = {301-308}
}

@ARTICLE{ziliotto_cersosimo_micheli,
  author = {Adriana Ziliotto and Maria G. Cersosimo and Federico E. Micheli},
  title  = {Handwriting Rehabilitation in Parkinson Disease: A Pilot Study},
  journal = {Ann Rehabil Med.},
  year    = 2015,
  number = 39,
  volume = 4,
  pages   = {586–591}
}

@ARTICLE{bryxomickii,
  author  = {Ю. А. Брюхомицкий},
  title   = {Параметрический метод биометрической аутентификации пользователей информационных систем},
  journal = {Информационное противодействие угрозам терроризма},
  year    = 2003,
  number  = 1,
  pages   = {42–48},
  language = {russian}
}

@ARTICLE{nelson_kishon,
  author  = {W. Nelson and E. Kishon},
  title   = {Use of dynamic features for signature verification},
  journal = {IEEE Int. Conf. on Syst., Man, Cybern.},
  year    = 1991,
  number  = 1,
  pages   = {201-205}
}

@ARTICLE{nalwa,
  author  = {Vishvjit  S.  Nalwa},
  title   = {Automatic On-Line Signature Verification},
  journal = {PROCEEDINGS OF THE IEEE},
  year    = 1997,
  number  = 2,
  volume  = 85,
  month = {February},
  pages   = {215-239}
}

@ARTICLE{mavrogiorgou_mergl_tigges_husseini_schroter_juckel_zaudig_hegerl,
  author  = {P. Mavrogiorgou and R. Mergl and P. Tigges and J. El Husseini and A. Schröter and G. Juckel and M. Zaudig and U. Hegerl},
  title   = {Kinematic analysis of handwriting movements in patients with obsessive-compulsive disorder},
  journal = {Neurol Neurosurg Psychiatry},
  year    = 2001,
  number  = 70,
  pages   = {605–612}
}

@ARTICLE{mckhight,
  author  = {Kathi McKnight},
  title   = {Mental illness, high blood pressure? Handwriting analysis can reveal all},
  journal = {Write Choice},
  year    = 2012,
  month = {July}
}

@ARTICLE{ivanov_korparate_network,
  author  = {Г. С. Иванов},
  title   = {Обзор методов биометрической идентификации пользователей корпоративной информационной сети},
  journal = {Научно-технический вестник СПбГУ ИТМО},
  year    = 2005,
  number  = 20,
  pages   = {41-48},
  language = {russian}
}

@ARTICLE{ruchai,
  author  = {А. Н. Ручай},
  title   = {Инварианты как метод верификации по статической подписи},
  journal = {II Всероссийская конференция «ЗНАНИЯ – ОНТОЛОГИИ – ТЕОРИИ»},
  year    = 2009,
  language = {russian}
}

@ARTICLE{leus,
  author  = {А. В. Леус},
  title   = {Биометрическая аутентификация по динамическим характеристикам подписи },
  journal = {СКУД. Антитерроризм},
  year    = 2009,
  language = {russian}
}

@ARTICLE{vorona,
  author  = {В. А. Ворона},
  title   = {Биометрические технологии идентификации в системах контроля и управления доступом},
  journal = {II Всероссийская конференция «ЗНАНИЯ – ОНТОЛОГИИ – ТЕОРИИ»},
  year    = 2016,
  number  = 3,
  pages   = {224-241},
  language = {russian}
}

@ARTICLE{doroshenko_koctychenko,
  author  = {Т. Ю. Дорошенко and Е. Ю. Костюченко},
  title   = {Система аутентификации на основе динамики рукописной подписи},
  journal = {Доклады ТУСУРа},
  year    = 2014,
  number  = 2,
  pages   = {219-223},
  language = {russian}
}

@ARTICLE{prohorov,
  author  = {А. Прохоров},
  title   = {Мой дом — моя крепость, мое лицо — мой пропуск},
  journal = {КомпьютерПресс},
  year    = 2000,
  number  = 7,
  language = {russian}
}

@ARTICLE{lognicov,
  author  = {П. С. Ложников},
  title   = {Идентификация человека по динамике написания слов в компьютерных системах},
  journal = {Успехи современного естествознания},
  year    = 2004,
  number  = 4,
  pages   = {129-130},
  language = {russian}
}

@ARTICLE{anisimova,
  author  = {Э. С. Анисимова },
  title   = {Идентификация подписи с использованием радиального базиса},
  journal = {Фундаментальные исследования},
  year    = 2014,
  number  = 9,
  volume  = 6,
  pages   = {1185-1189},
  language = {russian}
}
@ARTICLE{klybkov,
  author  = {И. М. Клубков},
  title   = {Применение волновых алгоритмов для нахождения скелета растрового изображения},
  journal = {Вестник Донского госудаственного технического университета},
  year    = 2001,
  number  = 1,
  volume  = 1,
  pages   = {126-133},
  language = {russian}
}
 
% Miscs

@MISC{IAM_handwriting_database,
  title = {IAM Handwriting Database — Computer Vision and Artificial Intelligence [Электронный ресурс]},
  howpublished = {Электронные данные},
  note = {Режим доступа: http://www.fki.inf.unibe.ch/databases/iam-handwriting-database -- Дата доступа: 01.03.2018}
}

@MISC{sbt,
  title = {sbt - The interactive build tool [Электронный ресурс]},
  howpublished = {Электронные данные},
  note = {Режим доступа: http://www.scala-sbt.org/ -- Дата доступа: 02.03.2018}
}

@MISC{wacom_lcd,
  title = {Wacom LCD Signature Tablet (STU-430) [Электронный ресурс]},
  howpublished = {Электронные данные},
  note = {Режим доступа: https://www.wacom-store.ru/wacom-lcd-signature-tablet-/ -- Дата доступа: 02.03.2018}
}

@MISC{graphology_psyfactor,
  title = {Графология. Графологическая экспертиза [Электронный ресурс]},
  howpublished = {Электронные данные},
  note = {Режим доступа: http://psyfactor.org/personal4.htm -- Дата доступа: 09.03.2018}
}

@MISC{nervous_system_disorders,
  title = {Handwriting Analysis Diagnoses Major Nervous System Disorders, But Reveals Little Else [Электронный ресурс]},
  howpublished = {Электронные данные},
  note = {Режим доступа: https://www.medicaldaily.com/handwriting-analysis-diagnoses-major-nervous-system-disorders-reveals-little-else-291972 -- Дата доступа: 06.02.2018}
}

@MISC{what_your_handwriting,
  title = {What Your Handwriting Says About Your Health [Электронный ресурс]},
  howpublished = {Электронные данные},
  note = {Режим доступа: https://www.doctoroz.com/article/what-your-handwriting-says-about-your-health -- Дата доступа: 06.02.2018}
}

@MISC{wiki_graphology,
  title = {Graphology [Электронный ресурс]},
  howpublished = {Электронные данные},
  note = {Режим доступа: https://it-topics/Graphology -- Дата доступа: 08.03.2018}
}

@MISC{wiki_micrographia,
  title = {Micrographia [Электронный ресурс]},
  howpublished = {Электронные данные},
  note = {Режим доступа: https://it-topics/Micrographia\_(handwriting) -- Дата доступа: 08.03.2018}
}

@MISC{analogs_movalyzer,
  title = {MovAlyzeR™ Overview [Электронный ресурс]},
  howpublished = {Электронные данные},
  note = {Режим доступа: https://www.neuroscript.net/movalyzer.php -- Дата доступа: 01.03.2018}
}

@MISC{analogs_biokey,
  title = {Biometric Authentication Software for Business | BIO-key [Электронный ресурс]},
  howpublished = {Электронные данные},
  note = {Режим доступа: https://www.bio-key.com/biometric-authentication-solutions/enterprise-security-software/ -- Дата доступа: 03.09.2018}
}

@MISC{analogs_bioid,
  title = {Face recognition \& liveness detection software - BioID [Электронный ресурс]},
  howpublished = {Электронные данные},
  note = {Режим доступа: https://www.bioid.com/ -- Дата доступа: 03.09.2018}
}

@MISC{analogs_aware,
  title = {Biometrics Software Products - Fingerprint, Face, Iris Recognition - Aware, Inc. [Электронный ресурс]},
  howpublished = {Электронные данные},
  note = {Режим доступа: https://www.aware.com/ -- Дата доступа: 03.09.2018}
}

@MISC{analogs_nec,
  title = {Biometric Authentication: Products \& Solutions | NEC [Электронный ресурс]},
  howpublished = {Электронные данные},
  note = {Режим доступа: https://www.nec.com/en/global/solutions/biometrics/index.html -- Дата доступа: 03.09.2018}
}

@MISC{analogs_scriptAlyzer,
  title = {ScriptAlyzeR™ Overview [Электронный ресурс]},
  howpublished = {Электронные данные},
  note = {Режим доступа: http://www.neuroscript.net/scriptalyzer.php -- Дата доступа: 01.03.2018}
}

@MISC{analogs_graphology,
  title = {Graphology [Электронный ресурс]},
  howpublished = {Электронные данные},
  note = {Режим доступа: https://play.google.com/store/apps/details?id=lior.Handwriting.master -- Дата доступа: 11.03.2018}
}

@MISC{analogs_signature_analysis,
  title = {Signature Analysis [Электронный ресурс]},
  howpublished = {Электронные данные},
  note = {Режим доступа: https://play.google.com/store/apps/details?id=com.SignatureAnalysis.SignatureAnalysis -- Дата доступа: 11.03.2018}
}

@MISC{analogs_my_graphology,
  title = {GRAPHOLOGY signature analysis [Электронный ресурс]},
  howpublished = {Электронные данные},
  note = {Режим доступа: https://play.google.com/store/apps/details?id=appinventor.ai\_doc63doc.grafology -- Дата доступа: 11.03.2018}
}

@MISC{analogs_graphology_sign_analysis,
  title = {My Graphology [Электронный ресурс]},
  howpublished = {Электронные данные},
  note = {Режим доступа: https://play.google.com/store/apps/details?id=tam.ta.grafologi -- Дата доступа: 11.03.2018}
}

@MISC{analogs_graphology_lite,
  title = {Graphology Lite [Электронный ресурс]},
  howpublished = {Электронные данные},
  note = {Режим доступа: https://play.google.com/store/apps/details?id=air.graphology.lite -- Дата доступа: 11.03.2018}
}

@MISC{wiki_SVM,
  title = {Support vector machine [Электронный ресурс]},
  howpublished = {Электронные данные},
  note = {Режим доступа: https://it-topics/Support\_vector\_machine -- Дата доступа: 20.02.2018}
}

@MISC{wiki_scala,
  title = {Scala (programming language) [Электронный ресурс]},
  howpublished = {Электронные данные},
  note = {Режим доступа: https://it-topics/Scala\_(programming\_language) -- Дата доступа: 20.02.2018}
}

@MISC{wiki_sign_verification,
  title = {Верификация подписи [Электронный ресурс]},
  howpublished = {Электронные данные},
  note = {Режим доступа: https://it-topics/Signature\_recognition) -- Дата доступа: 20.02.2018}
}

@MISC{wiki_gauss,
  title = {Normal distribution [Электронный ресурс]},
  howpublished = {Электронные данные},
  note = {Режим доступа: https://it-topics/Normal\_distribution -- Дата доступа: 1.05.2018}
}

@MISC{cv_text_image_segmentator,
  title = {Сегментация изображения текста [Электронный ресурс]},
  howpublished = {Электронные данные},
  note = {Режим доступа: http://mechanoid.kiev.ua/cv-text-image-segmentator.html -- Дата доступа: 13.03.2018}
}

@MISC{habr_bio_auth,
  title = {Биометрическая аутентификация: истоки, хаки и будущее [Электронный ресурс]},
  howpublished = {Электронные данные},
  note = {Режим доступа: https://habr.com/company/asus/blog/408407/ -- Дата доступа: 1.02.2018}
}

@MISC{slideshare_khandelwal_garg,
  title = {Personality Prediction using HandWriting Analysis [Электронный ресурс]},
  howpublished = {Электронные данные},
  note = {Режим доступа: https://www.slideshare.net/ManviGarg2/personality-prediction-using-handwriting-analysis -- Дата доступа: 20.02.2018}
}

@MISC{postgres,
  title = {PostgreSQL: The world\'s most advanced open source database [Электронный ресурс]},
  howpublished = {Электронные данные},
  note = {Режим доступа: https://www.postgresql.org/ -- Дата доступа: 20.08.2018}
}