% Encoding: utf8

@BOOK{blackfin_data_sheet,
  author = {Analog Devices, Inc.},
  title = {ADSP-BF531/ADSP-BF532/ADSP-BF533: Blackfin Embedded Processor Data Sheet (Rev. I)},
  pages = {64},
  year = {2013},
  language = {english}
}

@BOOK{freescale_data_sheet,
  author = {Freescale Semiconductor, Inc},
  title = {MSC8144 Quad Core Digital Signal Processor Data Sheet, Rev. 16},
  pages = {80},
  year = {2010},
  language = {english}
}

@MISC{blackfin,
  title = {Blackfin Processor Architecture Overview [Электронный ресурс]},
  howpublished = {Электронные данные},
  note = {Режим доступа: http://www.analog.com/en/products/landing-pages/001/blackfin-architecture.html --- Дата доступа: 01.12.2017},
}

@ARTICLE{powering_today,
  author  = {Jeff Falin},
  title   = {Powering today’s multi-rail FPGAs and DSPs, Part 2},
  journal = {Analog Applications Journal},
  year    = 2006,
  number  = 2,
  pages   = {1–7}
}

@ARTICLE{building_simple,
  author  = {Joselito Parguian},
  title   = {Building a simple data acquisition system using the TMS320C31 DSP},
  journal = {Analog Applications Journal},
  year    = 2001,
  number  = February,
  pages   = {18-25}
}